<record><leader>00000cas a2200000 a 4500</leader><controlfield tag="001">4998591</controlfield><controlfield tag="008">790524d18851917nhudn ne      0   a0eng  </controlfield><datafield ind1=" " ind2=" " tag="010"><subfield code="a">ca 05000846 </subfield></datafield><datafield ind1=" " ind2=" " tag="040"><subfield code="a">DLC</subfield><subfield code="b">eng</subfield><subfield code="c">DLM</subfield><subfield code="d">NYG</subfield><subfield code="d">DLC</subfield><subfield code="d">NPU</subfield><subfield code="d">NPY</subfield><subfield code="d">DLC</subfield><subfield code="d">NYG</subfield><subfield code="d">NVH</subfield><subfield code="d">YOX</subfield><subfield code="d">NVH</subfield><subfield code="d">MGN</subfield><subfield code="d">DLC</subfield><subfield code="d">NVN</subfield><subfield code="d">KRTAS</subfield><subfield code="d">OCLCQ</subfield><subfield code="d">OCLCF</subfield><subfield code="d">OCLCO</subfield></datafield><datafield ind1="1" ind2=" " tag="029"><subfield code="a">AU@</subfield><subfield code="b">000025648639</subfield></datafield><datafield ind1=" " ind2=" " tag="042"><subfield code="a">pcc</subfield></datafield><datafield ind1=" " ind2=" " tag="043"><subfield code="a">n-us-nh</subfield></datafield><datafield ind1="0" ind2="0" tag="050"><subfield code="a">F41.6.W3</subfield><subfield code="b">A5</subfield></datafield><datafield ind1=" " ind2=" " tag="092"><subfield code="a">071</subfield><subfield code="b">qA52</subfield></datafield><datafield ind1="0" ind2="0" tag="245"><subfield code="a">Among the clouds.</subfield></datafield><datafield ind1=" " ind2=" " tag="260"><subfield code="a">Mount Washington, N.H. :</subfield><subfield code="b">Henry M. Burt</subfield></datafield><datafield ind1=" " ind2=" " tag="300"><subfield code="a">v. :</subfield><subfield code="b">ill. ;</subfield><subfield code="c">31-49 cm.</subfield></datafield><datafield ind1=" " ind2=" " tag="310"><subfield code="a">Daily (except Sun.),</subfield><subfield code="b">July 19, 1886-Sept. 14, 1917</subfield></datafield><datafield ind1=" " ind2=" " tag="321"><subfield code="a">Daily (except Sun. and Mon.),</subfield><subfield code="b">July 11, 1885-July 17, 1886</subfield></datafield><datafield ind1="0" ind2=" " tag="362"><subfield code="a">Vol. 9, no. 1 (July 11, 1885)-v. 39, no. 53 (Sept. 14, 1917).</subfield></datafield><datafield ind1=" " ind2=" " tag="515"><subfield code="a">Printed twice daily.</subfield></datafield><datafield ind1=" " ind2=" " tag="515"><subfield code="a">Published only during summer months.</subfield></datafield><datafield ind1=" " ind2=" " tag="515"><subfield code="a">Publication suspended 1908-1909; resumed with July 5, 1910 issue.</subfield></datafield><datafield ind1=" " ind2="0" tag="651"><subfield code="a">Washington, Mount (N.H.)</subfield></datafield><datafield ind1=" " ind2="7" tag="651"><subfield code="a">New Hampshire</subfield><subfield code="z">Mount Washington.</subfield><subfield code="2">fast</subfield><subfield code="0">(OCoLC)fst01333793</subfield></datafield><datafield ind1=" " ind2=" " tag="752"><subfield code="a">United States</subfield><subfield code="b">New Hampshire</subfield><subfield code="c">Coos</subfield><subfield code="d">Mount Washington.</subfield></datafield><datafield ind1="0" ind2="0" tag="780"><subfield code="t">Burt's among the clouds</subfield><subfield code="w">(DLC)sn 84031497</subfield><subfield code="w">(OCoLC)8429644</subfield></datafield><datafield ind1=" " ind2=" " tag="938"><subfield code="a">Kirtas Technologies, Inc.</subfield><subfield code="b">KRTS</subfield><subfield code="n">735830</subfield></datafield></record>